5050 6796
590 775 630 826 De
650 771 820 825 correcturis
839 773 983 826 secundae
1004 789 1107 826 manus
1125 775 1156 828 in
1176 775 1274 826 codice
1294 775 1399 828 Vetere
1420 775 1558 842 plautino.
1861 779 1898 822 11

248 931 403 1007 rationes,
430 932 456 996 si
483 931 564 1016 quid
590 931 700 1010 uideo,
724 939 867 1016 possunt
889 930 931 996 sd
957 931 1044 996 hanc
1068 953 1138 996 rem
1163 932 1398 1017 explicandam
1424 934 1547 1000 efferri.
1596 933 1634 1000 ld
1659 939 1786 1000 certum
1808 934 1898 1000 uide·

249 1053 313 1124 tur,
338 1047 373 1110 in
398 1045 513 1112 codice
537 1068 598 1112 sno
621 1047 668 1112 its
692 1047 811 1132 legisse
844 1045 888 1112 13²
909 1045 1014 1112 uerba
1038 1047 1073 1112 in
1103 1069 1134 1113 v.
1172 1050 1236 1112 290
1271 1049 1404 1134 scripte.
1452 1049 1518 1114 Sed
1548 1056 1607 1115 sut
1640 1070 1699 1134 per
1732 1049 1899 1114 incuriam

249 1162 373 1228 omissa
397 1161 501 1228 uerba
525 1183 627 1248 supra
651 1163 795 1247 primam
832 1160 955 1226 lineam
988 1163 1131 1247 paginae
1169 1163 1303 1248 scripsit
1336 1145 1492 1229 librarius
1525 1165 1674 1249 quidam,
1699 1164 1795 1249 signo
1830 1185 1899 1250 quo

250 1279 456 1343 referrentur
479 1276 646 1363 adposito:
682 1298 750 1362 quo
785 1298 853 1343 non
883 1276 1050 1344 intellecto
1081 1277 1204 1343 deinde
1228 1279 1281 1343 uel
1306 1279 1350 1344 13²
1373 1279 1429 1345 uel
1453 1300 1541 1344 unus
1565 1301 1583 1346 e
1606 1281 1774 1365 prioribus
1794 1279 1899 1346 uerba

249 1392 334 1460 falso
370 1393 482 1479 posuit
514 1393 568 1478 (cl.
606 1393 776 1470 8000000,
809 1392 894 1458 Krit.
932 1392 1023 1458 Pros.
1058 1392 1151 1459 Metr.
1179 1415 1208 1479 p.
1241 1394 1310 1478 49);
1350 1401 1409 1460 000
1446 1395 1501 1460 100
1536 1395 1678 1481 uestigia
1713 1395 1898 1480 reperimus

250 1509 386 1576 alterius
409 1509 622 1584 recensionis,
647 1508 705 1575 ubi
731 1508 844 1574 dedita
866 1530 967 1594 opera
992 1515 1186 1574 contextum
1211 1509 1408 1576 abbreuiare
1432 1511 1621 1589 uoluerunt,
1639 1517 1678 1578 ut
1700 1511 1801 1578 etiam
1825 1509 1899 1576 aliis

248 1624 329 1690 locis
364 1623 455 1690 haud
490 1623 613 1690 desunt
648 1624 723 1690 talis
758 1624 861 1690 studii
885 1624 1027 1709 uestigia
1050 1624 1103 1708 (cf.
1129 1624 1197 1690 Leo
1231 1625 1280 1690 Pl.
1317 1625 1353 1690 ll.
1390 1649 1421 1711 p.
1459 1627 1504 1711 8):
1544 1625 1603 1692 sed
1642 1633 1680 1692 ut
1717 1626 1897 1694 conceden-

248 1741 330 1805 dum
355 1747 413 1816 cst,
440 1761 558 1806 uersus
581 1743 669 1806 inter
692 1742 757 1804 290
781 1749 814 1805 00
838 1741 899 1806 297
926 1740 1169 1806 intercedentes
1193 1740 1444 1825 quodammodo
1476 1740 1632 1807 molestos
1656 1763 1737 1820 esso,
1763 1743 1810 1806 sic
1834 1741 1897 1806 for·

249 1863 345 1932 tesso,
371 1856 428 1922 tali
453 1855 553 1921 niodo
577 1858 605 1922 si
630 1878 699 1922 rem
724 1855 939 1940 explicemus,
965 1855 1118 1922 offendat
1141 1855 1232 1941 quod
1256 1857 1361 1922 uerba
1384 1857 1499 1922 addita
1535 1858 1662 1922 nonin
1695 1857 1791 1923 initio
1827 1877 1898 1922 uer·

249 1993 314 2048 sus,
340 1971 399 2038 sod
422 1972 458 2036 in
481 1971 593 2037 medio
617 1972 783 2057 leguntur.

354 2143 386 2226 2)

249 2259 342 2342 Capt.
373 2259 447 2322 512.
495 2256 578 2321 Dico
603 2278 679 2322 eum
705 2277 777 2322 esse
800 2255 892 2340 apud
916 2277 984 2321 me:
1021 2257 1076 2322 hic
1099 2256 1268 2343 extemplo
1292 2265 1364 2323 orat
1387 2258 1607 2344 obsecratque
1679 2313 1682 2318 .

651 2374 724 2455 [esse
746 2393 815 2437 eum
840 2371 867 2436 B
890 2375 972 2460 (enm
995 2394 1020 2438 s.
1046 2395 1077 2438 v.
1102 2370 1166 2460 B2).
1201 2395 1271 2440 eum
1294 2396 1358 2440 esse
1381 2375 1490 2458 ceteri]

249 2489 343 2554 Cure.
371 2490 443 2553 706.
491 2487 644 2566 Dicendi,
669 2508 737 2553 non
762 2509 832 2552 rem
858 2486 1021 2572 perdendi
1044 2489 1152 2573 gratia
1175 2489 1259 2554 haec
1282 2495 1394 2555 natast
1418 2490 1513 2556 mihi.

557 2605 679 2687 [pratia
702 2605 756 2668 bec
780 2600 830 2669 3¹.
868 2603 980 2686 pratia
1005 2602 1054 2668 3¹.
1095 2605 1149 2670 hec
1172 2604 1214 2690 (v.
1240 2605 1326 2689 baec)
1347 2606 1459 2688 pratia
1483 2607 1592 2690 ceteri]

248 2721 327 2788 ttst
373 2723 448 2786 645.
495 2719 548 2784 Tu
572 2740 673 2796 nunc,
698 2720 726 2784 si
750 2740 812 2805 ego
836 2719 913 2784 uolo
937 2740 996 2784 seu
1020 2719 1108 2798 nolo,
1133 2720 1204 2786 sola
1228 2741 1282 2784 ms
1305 2727 1343 2786 ut
1366 2721 1483 2786 uiuam
1507 2721 1600 2788 facis.

659 2836 737 2918 [sola
758 2858 806 2900 mc
829 2835 867 2899 Ε.
891 2835 1007 2902 solome
1030 2833 1071 2902 V.
1107 2857 1154 2901 me
1176 2838 1245 2902 sola
1268 2835 1319 2902 B¹.
1359 2859 1408 2902 me
1430 2835 1482 2920 Bll

248 2951 346 3037 Epid.
372 2953 446 3018 295.
495 2951 606 3036 Atque
631 2961 808 3036 argentum
833 2971 894 3036 ogo
918 2971 996 3016 cum
1027 2951 1091 3016 hoc
1126 2951 1244 3016 ieram.
1270 2990 1312 3000 —
1336 2951 1408 3017 ΡΕ.
1447 2951 1575 3028 Quanti
1610 2953 1677 3019 emi
1708 2959 1818 3037 potest
1841 2953 1899 3018 rni-

568 3068 696 3132 numo?
719 3105 762 3114 -—
786 3065 852 3131 ΕΡ.
888 3066 1018 3132 illane?

385 3183 466 3268 [ΕΡ.
492 3185 598 3249 illane
620 3182 697 3248 add.
724 3181 779 3247 13⁸:
816 3203 881 3248 om.
906 3183 1016 3260 ceteri,
1042 3183 1161 3248 sedin
1185 3205 1216 3248 v.
1242 3185 1308 3248 294
1341 3183 1440 3268 10007.
1465 3185 1565 3250 Mane
1587 3183 1699 3250 addid.
1726 3183 1763 3267 Ε]

355 3353 401 3420 Ut
435 3354 518 3419 haec
554 3351 746 3418 differentia
780 3351 908 3418 ordinis
943 3351 1137 3436 explicetur,
1163 3353 1317 3438 refugere
1352 3353 1491 3438 quidem
1524 3352 1622 3420 licoat
1655 3353 1698 3420 ad
1732 3354 1898 3420 incuriam

248 3470 420 3592 quendem
460 3467 664 3544 correctoris,
705 3468 763 3552 qui
802 3467 889 3533 falso
928 3469 1000 3533 loco
1038 3468 1182 3534 uerbum
1222 3469 1372 3553 posuerit
1410 3470 1459 3553 (ut
1498 3470 1532 3533 in
1571 3469 1760 3536 minoribus
1798 3467 1899 3536 rebus

235 3583 379 3687 porciu,
404 3601 627 3687 onomaton
661 3601 720 3668 sed
746 3602 850 3666 multo
875 3602 986 3686 potius
1010 3599 1208 3668 crediderim
1232 3601 1268 3666 in
1292 3601 1474 3687 archetypo
1497 3602 1572 3686 ipso
1596 3601 1749 3680 uerbum,
1767 3602 1808 3669 de
1831 3623 1898 3688 quo

247 3720 366 3806 agitur,
391 3725 491 3783 antea
519 3739 591 3783 esse
614 3717 787 3796 omissum,
813 3724 886 3781 tum
911 3737 1013 3801 supra
1036 3715 1159 3781 lineam
1185 3715 1298 3782 nolin
1330 3716 1481 3802 margine
1514 3718 1661 3801 positum
1675 3716 1714 3801 ²):
1755 3740 1796 3785 ex
1831 3740 1899 3803 quo

248 3835 370 3913 euenit,
395 3840 432 3899 ut
456 3835 491 3898 in
516 3834 589 3910 aliis
613 3831 783 3898 codicibus
808 3853 943 3918 prorsus
968 3853 1035 3897 non
1075 3833 1214 3917 legatur,
1240 3833 1275 3897 in
1310 3832 1384 3897 aliis
1408 3833 1473 3898 alio
1512 3833 1593 3899 loco.
1641 3833 1696 3899 Sic
1727 3834 1764 3898 in
1799 3833 1897 3920 Epid.

248 3953 312 4016 295
336 3951 398 4034 Ep.
423 3951 522 4016 illanc
545 3970 647 4034 supra
670 3949 793 4014 lineam
818 3948 853 4012 in
879 3948 945 4013 fine
970 3969 1087 4013 uersus
1112 3948 1276 4034 scriptum
1290 3948 1360 4031 (aut
1383 3949 1514 4014 incuria
1537 3957 1638 4014 antea
1660 3949 1824 4016 omissum
1841 3959 1900 4016 sut
2011 3975 2022 3994 ·

248 4071 383 4153 propter
410 4065 583 4150 angustias
619 4064 729 4148 spatii)
762 4063 804 4129 ad
841 4086 870 4129 v.
897 4065 963 4128 294
997 4062 1241 4129 transtulerunt
1275 4065 1453 4149 scriptores
1485 4063 1621 4130 librarii.
1646 4065 1779 4130 -Sed
1818 4067 1900 4152 quia

248 4204 381 4268 semper
404 4181 543 4266 cogitari
568 4187 686 4266 potest,
712 4178 755 4242 B8
779 4201 838 4264 per
861 4179 1026 4244 incuriam
1051 4188 1177 4244 temere
1200 4179 1382 4265 scripsisse,
1408 4200 1475 4245 nou
1511 4187 1641 4246 tentam
1665 4180 1897 4247 auctoritatem

248 4299 319 4364 eius
343 4297 528 4382 scripturae
551 4294 767 4361 tribuendam
792 4301 947 4380 apparet:
988 4295 1082 4360 Ourc.
1111 4296 1174 4359 706
1211 4295 1307 4360 metri
1344 4295 1471 4360 ratione
1503 4303 1644 4380 apparet
1677 4303 1896 4364 correctorem

248 4412 340 4480 baud
375 4420 500 4478 temere
534 4411 715 4496 scripsisse,
741 4410 819 4475 Oist.
845 4412 910 4476 645
943 4409 1086 4476 editores
1122 4411 1241 4475 merito
1277 4409 1337 4476 EV
1377 4412 1482 4476 secuti
1516 4419 1606 4494 sunt,
1630 4409 1724 4497 Oept.
1750 4414 1815 4478 513
1839 4413 1898 4478 uix

248 4529 392 4596 discerni
415 4548 468 4593 res
492 4535 602 4612 potest
625 4525 713 4610 (edit.
738 4547 815 4592 cum
841 4524 935 4610 avt.

409 4687 466 4753 lV.
515 4686 564 4754 B'
587 4689 710 4754 uerba
743 4687 946 4770 expunxit.

354 4829 520 4915 Exempla
544 4836 635 4895 suut:

248 4948 340 5013 Asin.
366 4949 441 5012 373.
488 4943 609 5011 Hercle
633 4966 713 5010 uero
738 4953 775 5010 tu
799 4945 934 5010 cauebis
957 4965 1000 5009 ne
1024 4965 1078 5009 me
1108 4945 1264 5030 attingas,
1289 4945 1318 5010 si
1347 4945 1438 5030 sapis

840 5059 877 5142 [si
900 5081 947 5124 mc
969 5060 1078 5142 sapic:
1099 5081 1147 5124 me
1170 5057 1233 5124 del.
1259 5057 1310 5142 13¹]

249 5179 323 5244 Aul.
364 5178 439 5242 591.
487 5177 546 5241 Sin
570 5175 737 5252 dormitet,
761 5175 809 5240 ita
831 5174 997 5251 dormitet,
1023 5195 1156 5240 seruom
1180 5195 1215 5239 se
1241 5173 1355 5261 <es>se
1379 5182 1416 5241 ut
1439 5176 1570 5262 cogitet.

566 5295 702 5375 [conum
726 5291 786 5367 DJ,
812 5313 936 5356 smum
961 5313 1088 5356 senum
1112 5290 1149 5368 B,
1174 5296 1258 5374 post.
1283 5311 1408 5356 aeuum
1433 5291 1495 5356 del.
1521 5291 1588 5378 B².]

360 5524 377 5575 'l
396 5526 439 5578 Cf.
461 5525 563 5592 Amph.
584 5525 684 5576 707201
705 5525 741 5576 iic
779 5524 828 5588 tila
853 5542 874 5574 s.
900 5542 925 5577 v.
948 5522 990 5581 Bb
1016 5525 1044 5588 B,
1072 5523 1100 5574 dl
1125 5523 1164 5574 ilc
1193 5541 1228 5574 cx
1258 5523 1298 5574 tra
1323 5523 1352 5574 ot
1381 5526 1408 5576 Ε.
1450 5526 1511 5577 Aul.
1538 5525 1573 5577 Ab
1599 5524 1684 5576 hercle
1707 5524 1793 5591 hbdt'e]
1821 5525 1898 5578 lindie

246 5616 341 5680 tte-cte
360 5632 382 5666 s.
404 5633 429 5668 v.
450 5612 494 5679 13²)
513 5615 543 5678 B,
563 5613 639 5666 ltrrlic
657 5613 742 5665 henric
761 5613 856 5666 ceteri.
896 5614 931 5665 llt
951 5613 1091 5677 imprimis
1111 5612 1191 5678 Oapt.
1211 5611 1423 5666 statuminum
1441 5630 1468 5666 es
1486 5614 1562 5666 immo
1581 5613 1644 5666 tiz
1675 5621 1705 5666 00
1729 5615 1753 5665 D
1781 5630 1796 5666 e
1825 5629 1896 5666 corr.

247 5703 384 5758 bominum
404 5703 481 5756 leonto
499 5719 526 5754 cs
547 5704 567 5754 Β
587 5707 615 5754 et
635 5703 659 5752 D
678 5708 745 5756 ante
765 5718 834 5754 corr.
855 5701 995 5754 horrorum
1015 5700 1092 5754 laonio
1114 5702 1143 5753 A.
1162 5698 1302 5753 bornicum
1321 5717 1375 5754 csse
1394 5701 1470 5756 lteruo
1491 5703 1522 5754 V.
1562 5703 1665 5772 Amph.
1686 5703 1745 5756 782.
