5050 6796
562 744 604 802 De
623 747 796 802 correcturi·
816 749 961 804 secundae
980 765 1083 803 manus
1101 748 1133 802 in
1152 748 1249 802 codice
1269 748 1373 802 Vetere
1393 747 1531 815 plautino.
1821 749 1871 791 vn

333 905 364 992 2)
387 906 445 971 ubi
469 928 536 972 uox
560 907 697 974 additur
732 916 791 973 aut
824 909 980 993 sequenti
1015 919 1073 973 aut
1111 908 1323 974 antecedenti
1358 905 1538 972 simillima.
1588 904 1696 982 Quale
1731 905 1873 971 uerbum

226 1029 438 1108 perspectum
463 1022 582 1089 habuit
610 1021 654 1088 B’
677 1023 731 1108 (cf.
757 1045 832 1110 pag.
859 1027 885 1104 ι)
919 1023 1077 1108 perfacile
1113 1022 1238 1088 librarii
1273 1023 1387 1088 oculos
1422 1022 1659 1107 calamumque
1693 1022 1874 1107 praeterire

224 1138 383 1223 potuisse.
430 1138 505 1204 Tali
530 1139 630 1204 modo
657 1139 699 1203 3²
720 1139 913 1216 correxisse,
939 1139 1047 1224 magis
1071 1139 1107 1204 in
1132 1139 1285 1224 sequenti
1311 1138 1538 1224 disputatione
1561 1137 1738 1224 apparebit
1770 1157 1872 1222 quam

225 1275 267 1318 ex
291 1253 355 1319 hoc
378 1276 448 1320 uno
472 1253 635 1340 exemplo,
662 1254 753 1340 quod
779 1275 870 1321 nunc
894 1254 997 1321 dabo:

331 1369 404 1437 Cas.
431 1371 503 1436 882.
553 1369 618 1436 Sed
642 1373 776 1455 temleri]
802 1371 961 1438 tenebrae
983 1372 1031 1437 ibi
1062 1380 1158 1437 erant
1195 1374 1389 1455 [tamlquam
1424 1370 1459 1434 in
1484 1377 1601 1456 puteo:
1643 1369 1743 1435 »dum
1773 1389 1875 1434 senex

864 1485 969 1564 abest,
995 1485 1178 1552 decumbe»
1205 1487 1355 1570 inquam.

334 1603 507 1686 [tamquam
865 1624 921 1669 aec
944 1604 1030 1668 abele
1053 1603 1197 1668 688871ηό8
1220 1601 1271 1680 13¹,
1296 1624 1360 1668 nox
1383 1600 1458 1667 add.
1484 1602 1519 1666 in
1544 1601 1603 1666 lac.
1630 1599 1680 1684 B2]

333 1717 364 1800 3)
388 1716 447 1782 ubi
471 1719 615 1804 paruula
639 1738 707 1783 uox
730 1718 938 1803 particulaue
963 1717 1148 1784 sententiae
1171 1718 1327 1803 propriae
1350 1738 1460 1783 uacua
1483 1716 1674 1802 explicandi
1697 1737 1799 1782 causa
1822 1716 1876 1780 nel

226 1832 269 1897 ad
294 1831 568 1918 supplementum
594 1834 720 1899 inserta
743 1833 886 1912 additur,
912 1841 950 1899 ut
972 1841 1017 1900 art
1039 1843 1067 1900 ct
1089 1857 1147 1922 quc
1170 1835 1224 1899 tal.

332 1948 406 2014 Cas.
432 1950 506 2015 378.
557 1949 643 2015 Vide
666 1950 749 2034 quid
774 1951 937 2036 scriptum
961 1957 1013 2016 est.
1039 1989 1082 1997 -
1106 1949 1173 2015 OL.
1199 1949 1325 2015 Unum.
1351 1987 1395 1997 —
1420 2002 1528 2014 .....

333 2064 511 2129 0186642.
560 2065 633 2130 ΜΕ.
660 2065 751 2142 Quid
768 2065 886 2132 tibist?
903 2103 944 2113 -
963 2066 1023 2130 SE.
1041 2065 1329 2131 Alcesimarchum
1347 2086 1416 2130 uon
1432 2064 1553 2130 uides?
1590 2065 1716 2129 ferrum
1733 2069 1874 2130 tenenat.

334 2179 431 2265 Epid.
463 2183 514 2246 72.
963 2181 1028 2246 ΕΡ.
1043 2181 1095 2246 Eu
1120 2180 1238 2266 edepol
1262 2203 1314 2246 res
1337 2180 1569 2247 turbulentasl.

335 2295 431 2379 lipid.
456 2298 531 2362 608.
578 2296 697 2382 Neque
720 2297 813 2362 illam
837 2296 976 2362 adducit
998 2317 1086 2382 quae
1111 2295 1129 2332 *
1156 2295 1173 2332 *
1199 2296 1333 2382 praeda.
1374 2301 1430 2362 sed
1456 2317 1574 2382 eccum
1592 2348 1598 2360 .
1619 2349 1625 2362 .
1646 2347 1676 2359 ..

866 2415 919 2496 [est
941 2411 1017 2478 add.
1043 2410 1086 2476 13¹
1109 2413 1145 2476 in
1169 2415 1244 2497 ras]
1649 2399 1651 2408 ⁴

333 2526 373 2592 In
396 2527 494 2613 Epid.
519 2530 584 2594 608
608 2535 749 2614 apparet
771 2528 914 2594 uerbum
938 2535 990 2603 est,
1016 2529 1088 2594 siue
1113 2527 1267 2594 additum
1291 2537 1341 2594 est
1373 2528 1445 2594 siue
1476 2549 1517 2593 ex
1552 2529 1618 2593 alio
1653 2527 1758 2592 uerbo
1793 2527 1877 2610 (88.9)

228 2649 423 2719 correctum,
448 2664 577 2709 meram
601 2645 829 2710 coniecturam
854 2665 936 2710 esse.

333 2759 386 2822 Ex
409 2758 462 2824 his
485 2759 650 2826 coniicere
673 2760 759 2838 licet,
785 2767 1003 2827 correctorem
1044 2781 1146 2846 quern
1181 2780 1265 2825 uoco
1298 2758 1341 2824 B’
1375 2759 1528 2845 religiose
1563 2756 1814 2843 quodammodo
1842 2758 1877 2820 in

227 2873 357 2939 lacunis
381 2874 557 2960 explendis
582 2879 635 2978 (et
650 2876 762 2941 uerbis
787 2876 859 2941 sine
884 2876 1005 2940 lacuna
1029 2876 1162 2941 omissis
1201 2875 1375 2951 addendis,
1401 2877 1442 2940 ol.
1467 2873 1569 2962 infra)
1593 2874 1709 2958 egisse,
1735 2881 1773 2939 ut
1808 2894 1877 2938 rnu·

227 2989 286 3063 tila
323 2989 464 3074 quidem
502 2990 607 3057 uerba
644 3011 723 3056 cum
763 2998 877 3076 posset
911 2989 1059 3076 expleret
1092 2991 1198 3076 (cuius
1233 2992 1336 3076 igitur
1365 2991 1498 3077 generis
1537 2989 1781 3076 supplementis
1820 2989 1879 3053 uix

228 3103 330 3170 ullam
355 3105 589 3171 auctoritatem
612 3105 759 3172 tribuere
782 3106 951 3192 possimus
990 3107 1055 3171 nisi
1091 3127 1126 3171 re
1165 3107 1231 3171 alio
1271 3105 1371 3170 modo
1412 3104 1570 3192 probata),
1595 3105 1726 3190 integra
1764 3112 1877 3170 autem

227 3220 332 3286 uerba
354 3241 424 3286 non
448 3219 617 3287 addidisse
641 3222 706 3288 nisi
730 3231 790 3287 aut
813 3222 972 3308 paruulas
996 3243 1103 3298 voces,
1129 3223 1246 3307 quales
1271 3229 1351 3287 sunt
1373 3229 1417 3287 est
1439 3228 1468 3286 ct
1490 3245 1549 3306 que
1572 3222 1658 3297 sim,
1683 3259 1726 3268 —-
1749 3222 1784 3286 in
1809 3220 1878 3305 qui·

227 3335 291 3402 bus
314 3344 439 3401 temere
463 3335 628 3402 addendis
652 3334 695 3400 13²
718 3357 797 3402 cum
821 3338 990 3424 plerisque
1013 3337 1158 3404 librariis
1182 3339 1336 3424 peccauit
1362 3375 1400 3386 —
1425 3345 1485 3403 aut
1508 3359 1628 3403 uocem
1652 3337 1807 3422 sequenti
1823 3335 1877 3401 uel

226 3451 440 3518 antecedenti
464 3453 540 3518 uoci
564 3453 719 3530 similem,
744 3452 785 3518 de
810 3475 877 3539 quo
902 3474 1013 3540 supra.

334 3701 490 3786 Denique
514 3701 757 3781 adnotandum,
783 3703 955 3769 interdum
978 3703 1015 3767 in
1038 3703 1134 3769 initio
1159 3725 1268 3768 nouae
1303 3723 1443 3768 scaenae
1468 3704 1610 3788 primam
1636 3702 1782 3769 litteram
1824 3701 1877 3767 uel

227 3818 356 3902 primas
379 3816 507 3883 litteras
531 3819 683 3884 omisisse
708 3818 749 3882 B¹
774 3818 863 3904 (cum
886 3818 935 3904 Ρ),
960 3818 1130 3912 addidisse
1155 3817 1213 3884 13¹:
1250 3819 1346 3884 cuius
1369 3819 1417 3884 rei
1442 3819 1587 3884 rationes
1611 3818 1691 3884 dare
1707 3839 1775 3884 non
1792 3838 1878 3902 opus

228 3941 287 3998 est.
336 3933 502 4018 Exempla
525 3940 620 3999 sunt:
657 3934 753 3999 Curc.
769 3937 843 4009 280.
864 3936 939 4012 371,
953 3937 1030 4013 463,
1051 3937 1126 4012 487,
1141 3937 1215 4012 657,
1230 3937 1304 4012 591,
1319 3936 1394 4012 599,
1406 3937 1480 4011 636,
1499 3937 1573 4012 679,
1592 3935 1665 4000 Cas.
1683 3934 1762 4019 Arg.
1781 3939 1807 4012 1,
1826 3937 1876 3999 89.

308 4071 310 4074 ’
388 4065 430 4132 ΙΙ.
478 4065 521 4130 13¹
543 4069 674 4134 uerba
697 4067 860 4134 addidit
882 4069 952 4135 ubi
976 4071 1133 4135 lucana
1155 4071 1278 4134 uerba
1302 4069 1452 4134 omissa
1486 4092 1566 4135 oon
1597 4071 1877 4135 dedicauerat.

910 4184 964 4251 (cr.
985 4186 1071 4238 etiam
1090 4185 1142 4250 in,
1162 4183 1198 4250 a.)

335 4279 500 4366 Persaepe
523 4278 566 4344 B*
589 4279 695 4346 uerba
717 4280 857 4358 addidit,
882 4302 969 4366 quae
992 4282 1123 4346 incuria
1145 4282 1252 4367 ipsius
1276 4282 1402 4347 librarii
1437 4282 1478 4346 Β1
1502 4283 1627 4348 omissa
1662 4287 1754 4348 sunt:
1792 4303 1879 4368 quae

224 4417 307 4463 curn
331 4396 368 4461 in
402 4396 520 4462 ceteris
550 4395 723 4463 Palatinae
762 4397 966 4463 recensionis
1002 4397 1173 4463 codicibus
1209 4405 1342 4464 seruata
1376 4399 1453 4476 sint,
1490 4397 1720 4464 additamenta
1756 4419 1878 4463 correo

225 4512 310 4578 toris
333 4511 389 4576 hic
412 4511 550 4597 quidem
574 4512 671 4578 nobis
696 4512 787 4578 haud
822 4514 939 4599 magni
970 4515 1131 4579 momenti
1168 4513 1246 4591 sint,
1282 4515 1348 4579 nisi
1384 4521 1421 4580 ut
1456 4515 1656 4580 confirment
1691 4520 1878 4580 ceterorum

226 4627 417 4694 lectionem.
466 4628 579 4705 Quare
603 4628 645 4695 de
669 4629 721 4694 his
746 4629 858 4694 uerbis
881 4628 1005 4719 additis
1028 4631 1075 4694 nil
1100 4629 1224 4695 addere
1247 4650 1332 4724 opus
1356 4637 1407 4694 est
1420 4630 1450 4715 ¹).

337 4743 403 4810 Sed
426 4744 536 4810 maius
560 4743 828 4810 emolumentum
853 4765 934 4810 sane
958 4747 1107 4810 afferunt
1130 4766 1218 4831 quae
1241 4744 1372 4810 addidit
1395 4745 1499 4811 uerba
1521 4753 1694 4824 corrector,
1708 4766 1785 4812 cum
1811 4747 1879 4811 iam

225 4861 263 4926 in
289 4859 471 4946 archetypo
495 4859 523 4924 P
546 4880 587 4925 ea
610 4859 773 4926 deluissse
811 4881 977 4926 consensu
1012 4867 1201 4926 ceterorum
1236 4859 1390 4926 codicum
1426 4862 1561 4927 scimus.
1610 4860 1732 4928 Utrum
1768 4861 1823 4926 hic
1862 4882 1879 4926 e

226 4975 343 5042 codice
366 4997 410 5040 an
434 4996 452 5041 8
477 4996 538 5041 sua
561 4977 752 5041 coniectura
776 4976 927 5042 hauserit
949 4974 1000 5054 13¹,
1025 4975 1157 5042 facilius
1193 4976 1393 5062 plerumque
1428 4976 1577 5043 iudicare
1611 4998 1792 5062 possumus
1825 4976 1879 5041 hic

226 5113 332 5178 quam
357 5091 392 5156 in
416 5091 526 5178 priore
549 5111 680 5177 genere,
706 5091 765 5157 ubi
789 5090 909 5157 lacuna
934 5112 1050 5157 uocem
1082 5093 1136 5158 uel
1172 5112 1272 5157 uoces
1308 5093 1450 5158 omissas
1486 5092 1659 5158 indicaret.
1706 5092 1878 5178 Imprimis

227 5207 434 5273 adiuuamur
458 5207 690 5285 deliberantes,
716 5213 935 5273 correctorem
959 5207 1049 5294 leges
1073 5206 1329 5273 uersificationis
1357 5208 1533 5275 Plautinae
1572 5229 1615 5274 ne
1653 5207 1772 5274 leuiter
1809 5208 1879 5293 qui·

227 5323 308 5388 dem
340 5323 491 5409 cognitas
515 5323 672 5388 habuisse
695 5329 729 5388 et
766 5331 1032 5389 consentaneum
1069 5344 1141 5389 esse
1180 5330 1213 5388 et
1247 5323 1382 5408 probari
1416 5345 1514 5410 posse
1545 5323 1628 5410 (coll.
1655 5345 1704 5390 ex.
1731 5345 1778 5408 gr.
1804 5323 1877 5390 Cas.

226 5440 295 5506 470
319 5441 393 5505 abeo
415 5438 491 5525 ras).

340 5600 358 5668 ¹)
376 5561 415 5654 Id
429 5561 521 5653 sdlum
540 5561 857 5665 admoneiacerelibet,
877 5602 1022 5654 interdum
1040 5603 1096 5655 iam
1117 5603 1148 5654 in
1167 5604 1323 5670 archetypo
1343 5604 1464 5656 uerbum
1483 5603 1612 5656 additum
1642 5619 1706 5655 esse
1735 5618 1822 5669 snpra
1851 5603 1878 5654 li-

228 5705 315 5743 neam
334 5704 481 5757 apparere,
501 5695 534 5743 nt
552 5689 632 5742 Asin.
654 5689 687 5742 19
706 5705 788 5758 quom
808 5692 838 5743 lu
855 5689 896 5756 (tu
915 5706 937 5742 s.
958 5707 985 5744 v.
1007 5689 1074 5758 BD.)
1092 5689 1173 5758 Gapt.
1192 5691 1253 5744 369.
