5050 6796
593 704 636 756 De
655 705 825 758 correcturis
845 704 989 759 secundae
1008 721 1112 760 menna
1130 707 1162 759 in
1180 705 1278 760 codice
1298 706 1402 760 Vetere
1422 705 1559 774 plautino.

360 859 492 937 Quibus
516 862 735 948 praemonitis
759 862 801 928 ad
825 863 917 949 ipses
940 863 1100 930 lectiones
1123 885 1144 930 a
1167 862 1211 928 B'
1233 865 1440 931 introductas
1464 866 1701 952 transgredior.

745 1095 783 1159 A.
831 1096 887 1162 De
911 1097 1003 1163 octo
1027 1095 1223 1178 prioribus
1247 1095 1402 1163 fabulis.

358 1236 546 1322 Separatim
569 1236 719 1304 tractabo
743 1257 799 1302 eos
823 1238 921 1315 locos,
948 1237 1006 1302 ubi
1029 1236 1072 1303 B¹
1107 1238 1122 1302 I
1158 1224 1314 1304 lacunam
1349 1237 1529 1325 suppleuit,
1554 1239 1587 1305 Il
1627 1240 1732 1306 uerba
1769 1241 1900 1307 addidit

252 1351 309 1417 ubi
333 1351 455 1418 lacuna
479 1351 583 1418 uerba
606 1353 731 1418 omissa
754 1374 823 1418 non
847 1353 1064 1432 indicauerat,
1079 1353 1128 1418 ΠΙ
1152 1354 1334 1419 uerborum
1358 1355 1511 1420 ordinem
1535 1357 1689 1434 mutauit,
1722 1355 1771 1422 IV
1797 1357 1901 1423 uerba

251 1468 426 1554 expunxit,
454 1468 483 1534 V
507 1469 620 1534 uanas
644 1469 802 1534 lectiones
826 1475 859 1534 et
881 1469 1174 1554 interpretationes
1197 1470 1319 1546 intulit,
1347 1469 1393 1535 Vl
1417 1471 1483 1536 alio
1519 1471 1620 1537 modo
1656 1473 1809 1551 correxit,
1834 1472 1900 1539 VH

250 1604 471 1670 personarum
497 1593 594 1650 notas
617 1583 749 1649 eddidit
773 1585 919 1650 mutauit
942 1585 1077 1652 deleuit.

357 1699 468 1776 Quam
493 1700 716 1786 partitionem,
742 1721 952 1787 quamquam
976 1700 1019 1766 ad
1043 1702 1223 1768 exteriores
1246 1708 1391 1768 tantum·
1405 1703 1550 1768 rationes
1588 1701 1738 1783 relatam,
1775 1702 1818 1768 ad
1853 1704 1899 1789 ip-

251 1836 322 1881 sam
371 1837 439 1881 rem
476 1815 619 1882 feliciter
651 1813 895 1881 conficiendam
931 1837 1003 1882 esse
1037 1818 1162 1882 iactam
1198 1839 1295 1903 spero
1330 1819 1404 1884 fore
1438 1826 1476 1883 ut
1515 1817 1752 1884 beneuolentes
1787 1840 1899 1885 eonce-

251 1930 334 1997 dant
357 1931 506 1998 lectores.

410 2129 434 2194 Ι.
483 2126 531 2194 B’
563 2130 747 2196 lacunae
778 2129 995 2212 suppleuit.

357 2270 591 2356 Segregandae
615 2279 776 2338 sunteas
800 2272 950 2352 lacunae,
976 2293 1063 2358 quae
1087 2270 1219 2351 Veteris
1243 2273 1397 2358 propriae
1421 2273 1560 2338 fuerunt
1583 2293 1694 2358 neque
1722 2273 1758 2337 in
1782 2274 1899 2339 ceteris

251 2385 412 2452 Palatinis
436 2387 611 2466 exsistunt,
629 2387 672 2453 ab
696 2387 736 2453 iis
761 2408 849 2473 quae
872 2388 975 2454 totius
998 2386 1171 2454 Palatinae
1195 2389 1310 2454 classis
1335 2409 1532 2454 communes
1556 2389 1705 2454 luerunt.
1752 2387 1832 2454 Illae
1856 2388 1898 2454 ad

250 2503 443 2587 proximum
467 2503 688 2590 archetypum
713 2503 762 2590 (P)
786 2503 936 2576 redeunt,
962 2504 1026 2569 hae
1049 2510 1108 2570 aut
1131 2504 1174 2569 ad
1198 2504 1224 2569 P
1248 2512 1307 2570 aut
1330 2503 1372 2569 ad
1396 2504 1532 2570 abauos.

357 2619 388 2704 a)
411 2619 568 2685 Lacunae
592 2621 628 2685 in
641 2618 762 2685 Vetere
786 2641 806 2686 a
830 2618 872 2686 B8
895 2621 1078 2707 suppletae,
1104 2641 1191 2706 quae
1215 2621 1250 2684 in
1274 2620 1392 2687 ceteris
1409 2621 1435 2685 P
1452 2620 1624 2685 codicibus
1639 2640 1708 2685 non
1732 2619 1900 2686 exsistunt

249 2734 296 2818 (in
319 2733 517 2801 lacunarum
542 2756 683 2801 numero
708 2757 748 2802 ea
771 2757 908 2822 quoque
932 2736 1093 2802 adnotaui
1117 2735 1272 2821 exempla
1296 2735 1353 2802 ubi
1379 2736 1455 2802 finis
1480 2756 1641 2800 uersuum
1667 2735 1813 2802 omissus
1838 2741 1897 2801 est:

249 2871 459 2935 quamquam
483 2851 547 2916 hae
571 2873 670 2938 saepe
694 2851 826 2918 incuria
848 2850 977 2917 librarii
1001 2851 1043 2916 B¹
1067 2853 1146 2917 oriri
1170 2854 1372 2938 potuerunt).

355 2964 448 3032 Asin.
474 2967 549 3033 940.
886 2967 1002 3032 ABG.
1040 2967 1112 3053 Ego
1136 2988 1217 3033 uero
1243 2988 1374 3052 sequor.
1422 2966 1534 3032 ART.
1560 2965 1770 3052 [domama.
1818 2965 1896 3032 ΡΗ.

623 3081 680 3168 [eie
704 3104 822 3149 uersus
846 3084 882 3149 in
907 3085 934 3148 B
957 3083 1046 3170 exitl.

248 3198 343 3284 Capt.
369 3199 442 3264 209.
491 3197 668 3284 Fugitiuos
692 3199 826 3264 imitari.
852 3236 894 3246 —-
918 3198 1017 3266 LOR.
1065 3199 1175 3265 Immo
1195 3199 1324 3285 edepol,
1342 3199 1370 3265 si
1386 3200 1449 3266 erit
1464 3198 1603 3276 eccesie,
1621 3197 1713 3263 haud
1730 3197 1896 3263 dehortor.

704 3315 834 3398 [ccmeio
858 3315 946 3382 laud
969 3317 1114 3382 dehortor
1136 3314 1212 3380 add.
1238 3313 1281 3379 Β2
1304 3320 1342 3380 ιιι
1364 3313 1445 3401 uid]

247 3428 334 3516 Oapt
367 3431 441 3495 251.
490 3429 563 3494 HE.
612 3429 684 3494 Iam
708 3451 770 3516 ego
793 3437 945 3496 reuortar
967 3430 1065 3506 intro,
1091 3431 1119 3496 si
1143 3451 1185 3496 ex
1208 3431 1260 3496 his
1285 3451 1372 3516 quae
1395 3430 1473 3496 uolo
1497 3430 1721 3515 exquisiuero.

736 3545 798 3632 [epo
821 3553 968 3612 reuorlar
990 3547 1077 3613 intro
1100 3545 1176 3611 add.
1202 3544 1245 3610 B*
1268 3554 1306 3611 ut
1328 3545 1407 3629 uid]

248 3661 342 3748 Capt.
367 3663 442 3727 593.
490 3662 567 3729 Jam
591 3661 658 3727 illic
682 3662 737 3727 hio
761 3683 822 3727 uos
846 3660 1024 3728 insectabit
1045 3661 1225 3748 lapidibus,
1250 3661 1315 3727 nisi
1339 3659 1443 3726 illunc
1465 3661 1562 3726 iubes

872 3777 961 3864 [Jam
983 3777 1019 3843 in
1043 3780 1063 3842 6
1087 3777 1148 3844 litt.
1173 3777 1269 3864 spat]

248 3893 342 3979 Capi.
369 3895 442 3960 730.
490 3892 659 3960 interdius
684 3893 747 3960 sub
771 3899 859 3959 terra
882 3893 1010 3979 lapides
1034 3894 1155 3960 emmct.

842 4009 967 4095 [namet
989 4008 1066 4075 add.
1090 4007 1135 4073 13²
1157 4015 1196 4075 ut
1219 4008 1298 4094 uid]

248 4125 342 4212 Gapt.
368 4127 442 4191 823.
490 4125 668 4212 Eugepae:
706 4125 888 4191 edictiones
912 4124 1082 4191 aedilicias
1106 4125 1161 4190 bic
1185 4125 1321 4211 quidem
1348 4123 1450 4190 habet

609 4241 660 4328 [pe
682 4241 851 4308 edictiones
873 4241 1019 4308 editicios
1042 4242 1094 4306 hio
1118 4243 1244 4324 quidem
1268 4242 1362 4307 babet
1384 4239 1459 4306 add.
1485 4238 1538 4325 B’]

248 4357 341 4442 (lapi.
367 4359 441 4423 824.
491 4357 683 4443 Mirumque
707 4356 823 4424 adeost
845 4357 882 4423 ui
905 4358 988 4424 bunc
1004 4357 1113 4442 fecere
1135 4358 1230 4424 aetoli
1251 4357 1315 4423 sibi
1332 4377 1574 4441 cpcranomum.

925 4473 1086 4560 [fecerunt
1106 4471 1216 4560 ceteri]

248 4589 343 4674 Oapt.
369 4590 443 4655 832.
492 4589 716 4676 Priusquam
741 4588 905 4676 pultando
930 4587 1004 4676 [uel]
1030 4589 1204 4654 assulatim
1228 4587 1363 4653 foribus.
1380 4588 1521 4653 exitium
1545 4586 1672 4652 adiero.

684 4705 744 4790 [uel
767 4706 940 4771 occultati:
966 4711 1026 4771 loti
1048 4705 1084 4769 in
1107 4710 1191 4787 spat.
1217 4701 1273 4782 Βῆ
1313 4703 1355 4769 cf.
1382 4701 1463 4788 Va]

247 4821 340 4907 (lapt.
366 4823 440 4887 909.
490 4821 654 4904 Dicspitcr
677 4827 708 4887 te
732 4821 863 4906 deique,
889 4820 1050 4907 Ergasile,
1075 4818 1219 4906 perdant
1241 4826 1274 4884 et
1296 4826 1451 4884 uentrem
1476 4824 1568 4883 tuom

247 4937 342 5022 Capi.
368 4938 443 5002 920.
494 4937 621 5015 Dicam,
647 4943 685 5001 ut
708 4935 771 5001 sibi
797 4957 922 5021 penum
946 4935 1026 5001 alibi
1049 4935 1198 5013 adornet,
1223 4934 1392 5020 siquidem
1416 4955 1488 5000 sese
1511 4934 1560 4999 uti
1586 4933 1675 4999 volet

898 5052 940 5138 [ee
962 5074 994 5119 ec
1016 5052 1066 5118 uti
1087 5054 1168 5118 uolet
1191 5049 1243 5137 13²]

247 5169 341 5254 Capt.
367 5170 440 5234 951.
489 5168 559 5234 Vos
582 5167 628 5234 ite
651 5168 756 5233 intro:
782 5167 916 5233 interibi
941 5189 1003 5252 ego
1027 5189 1068 5233 ex
1091 5168 1155 5233 hac
1178 5172 1287 5232 statua
1313 5165 1473 5232 uerberea
1496 5164 1574 5231 uolo

905 5283 1046 5370 [aarum
1067 5285 1159 5350 aeolo
1183 5280 1234 5368 13²}

246 5402 342 5466 Ourc.
390 5401 443 5467 23.
491 5399 666 5486 Numquid
690 5407 727 5465 tu
750 5400 842 5484 quod
866 5405 899 5466 te
922 5408 982 5465 aut
1004 5420 1126 5485 genere
1150 5399 1327 5484 iudignum
1353 5398 1397 5464 sit
1421 5405 1472 5464 iac

355 5643 373 5710 ¹)
392 5644 447 5698 Ubi
468 5643 509 5696 nil
527 5643 672 5710 ednotaui,
693 5659 778 5696 voces
797 5642 920 5696 cursiuis
940 5642 1043 5696 litteris
1062 5642 1220 5710 impressae
1239 5658 1256 5696 a
1275 5637 1310 5693 B’
1329 5646 1398 5694 sunt
1416 5639 1547 5708 scriptae.
