5050 6796
352 2113 420 2192 Qui
444 2116 486 2180 ad
510 2113 621 2181 Plauti
644 2116 779 2183 fabulae
813 2112 1036 2183 recensendas
1056 2129 1207 2202 'operam
1244 2111 1462 2200 studiumque
1498 2135 1632 2180 summo
1667 2134 1746 2179 cum
1780 2116 1895 2180 fructu

245 2233 366 2310 attulit,
391 2231 509 2297 Oscxn
534 2231 726 2310 Surrrnar,
752 2234 781 2299 is
804 2233 838 2298 id
864 2254 1001 2319 quoque
1017 2232 1138 2310 effecit,
1157 2239 1195 2298 ut
1209 2238 1387 2317 appareret
1403 2231 1522 2315 quanti
1539 2236 1651 2296 essent
1666 2229 1895 2296 aestimandae

245 2355 452 2414 correcturae
476 2368 495 2413 a
520 2369 627 2414 manu
651 2349 800 2414 secunda
822 2351 859 2414 in
883 2349 997 2415 codiee
1022 2347 1143 2414 Vetere
1180 2348 1207 2412 B
1239 2349 1358 2414 iactae.
1406 2347 1509 2412 Recte
1532 2347 1623 2412 enim
1649 2347 1828 2432 perspexit,
1854 2367 1895 2412 ex

245 2471 356 2529 vetere
379 2464 474 2529 fonte
498 2483 641 2548 magnae
666 2465 875 2530 auctoritatis
899 2465 1084 2551 magnique
1108 2464 1205 2550 pretii
1231 2463 1384 2530 hausisse
1407 2469 1627 2529 correctorem
1652 2462 1758 2528 illum.
1799 2461 1896 2538 Quae

244 2579 328 2645 ratio
351 2579 440 2644 inter
463 2579 554 2644 hunc
578 2579 702 2645 librum
727 2601 747 2645 a
770 2589 955 2646 correctore
979 2580 1171 2646 adhibitum
1208 2588 1403 2665 ceterosque
1439 2577 1612 2644 Palatinae
1647 2579 1762 2644 classis
1796 2579 1895 2644 iuter-

244 2693 385 2772 cederet,
425 2702 458 2760 et
509 2695 692 2760 Sarranar
740 2717 839 2783 saepe
875 2698 1008 2762 monuit
1042 2717 1153 2781 neque
1187 2696 1366 2762 infeliciter
1404 2696 1635 2762 demonstrare
1669 2702 1810 2760 conatus
1846 2701 1896 2760 est

244 2811 404 2876 Lmnsxr
429 2812 512 2896 (The
535 2813 668 2879 Palatin
691 2821 763 2880 text
786 2815 821 2880 of
845 2814 985 2880 Plautus
1012 2815 1118 2900 1896).

351 2927 416 2992 Sed
441 2934 547 2993 totam
571 2949 643 2994 rem
667 2950 744 2995 oum
770 2930 906 3014 penitus
931 2930 1193 2996 examinandam
1218 2951 1290 2995 esse
1313 2929 1379 2994 uiri
1403 2929 1438 2993 in
1456 2927 1566 2993 Plauti
1583 2925 1706 2992 fabulis
1722 2947 1894 2992 recensen-

244 3043 295 3108 dis
319 3043 417 3129 periti
441 3043 531 3110 haud
556 3045 759 3131 ignorarent,
787 3067 840 3112 me
866 3047 997 3112 monuit
1032 3046 1071 3112 G.
1097 3046 1224 3124 Gosra,
1249 3053 1288 3110 ιιι
1321 3045 1413 3110 hunc
1447 3043 1595 3109 laborem
1626 3042 1784 3109 subirem.
1832 3040 1892 3107 Ne·

243 3180 310 3243 que
334 3165 450 3245 postea
473 3161 698 3246 praetermisit
721 3162 804 3246 quin
829 3183 883 3228 me
906 3164 942 3228 in
966 3164 1029 3228 hoc
1053 3183 1153 3247 opere
1176 3161 1385 3228 conficiendo
1408 3159 1549 3226 fulciret.

349 3275 490 3340 Gratum
516 3276 600 3341 mihi
624 3279 674 3343 e‘st
697 3284 730 3344 et
753 3277 801 3342 illi
827 3301 881 3343 me
905 3278 1090 3365 plurimum
1115 3278 1236 3344 debere
1260 3278 1407 3364 profiteri
1433 3285 1466 3342 et
1490 3275 1706 3352 Sarssnnro,
1735 3275 1794 3360 qui
1825 3293 1892 3360 qua

242 3391 365 3456 eximie
390 3396 441 3456 est
464 3390 661 3459 liberalitate
686 3393 769 3458 mihi
792 3393 932 3461 collecta
954 3416 1017 3461 sua
1039 3394 1178 3461 tradidit
1202 3393 1337 3460 utenda.

350 3506 476 3572 Multae
500 3527 580 3573 sane
604 3515 684 3574 sunt
708 3510 923 3594 quaestiones
947 3509 989 3575 ad
1014 3518 1220 3576 correcturas
1245 3530 1366 3576 manus
1396 3508 1564 3574 secundae
1588 3508 1623 3572 in
1648 3506 1770 3572 Vetere
1794 3503 1891 3590 (⁸3¹⁰

242 3621 297 3688 vel
323 3621 427 3706 “seq
451 3623 667 3708 pertinentes,
692 3644 779 3710 quae
802 3625 915 3691 adhuc
938 3625 1028 3690 haud
1060 3633 1140 3690 suut
1174 3626 1311 3691 solutae.
1360 3625 1514 3690 Primum
1548 3623 1652 3708 igitur
1686 3641 1893 3706 unoquoque

244 3737 316 3802 loco
340 3739 558 3804 statuendum
583 3745 633 3805 est
655 3751 821 3824 quantum
848 3741 918 3807 fieri
943 3749 1062 3826 potest,
1076 3743 1231 3827 primane
1253 3735 1297 3806 'an
1323 3739 1472 3807 secunda
1496 3739 1667 3824 scripserit
1696 3756 1819 3803 manus
1848 3755 1892 3801 an

244 3853 318 3918 alia.
364 3853 452 3918 Nam
477 3862 515 3919 ut
538 3855 734 3940 saepissime
758 3878 826 3921 non
862 3856 997 3922 difficile
1031 3866 1082 3923 est
1116 3857 1312 3934 diiudicatu,
1343 3877 1430 3942 quae
1465 3877 1587 3921 manus
1622 3853 1810 3931 correxerit,
1846 3852 1894 3917 ita

244 3967 335 4034 haud
358 3989 434 4034 raro
466 3969 566 4036 ualde
599 3969 781 4050 dubitatur,
806 3979 920 4038 utrum
957 3975 1068 4058 prima
1100 3995 1145 4038 an
1180 3973 1337 4039 secunda.
1386 3971 1498 4037 Huius
1530 3969 1719 4037 maiuscula
1753 3967 1893 4054 quidem

243 4084 381 4150 omnino
405 4091 455 4150 est
490 4086 665 4171 scriptura,
702 4108 813 4173 neque
848 4097 1074 4156 atramentum
1109 4089 1260 4155 eiusdem
1297 4089 1416 4155 coloris
1455 4109 1566 4174 neque
1602 4087 1752 4154 calamus
1790 4083 1890 4150 idem.

243 4197 307 4264 Sed
332 4207 370 4264 ut
392 4202 583 4286 complures
606 4201 759 4268 librarios
782 4204 819 4268 iu
842 4205 971 4290 primae
995 4227 1118 4271 manus
1141 4206 1308 4291 scriptura
1331 4205 1545 4290 agnoscimus
1569 4223 1680 4287 neque
1700 4200 1806 4267 codex
1823 4219 1892 4265 una

242 4335 347 4381 manu
371 4313 527 4382 exaratus
555 4325 606 4384 est
643 4323 742 4394 totus,
767 4320 814 4384 ita
846 4321 1039 4386 correctoris
1079 4320 1122 4384 ΒΙ
1151 4342 1254 4406 quem
1289 4341 1451 4386 uocamus
1482 4319 1656 4405 scriptura,
1681 4336 1889 4402 quamquam

241 4430 343 4496 unius
366 4431 529 4497 nimirum
553 4452 685 4510 manus,
710 4442 825 4500 tamen
850 4442 882 4501 et
905 4437 1035 4502 calamo
1059 4443 1092 4503 et
1115 4443 1303 4502 atramento
1327 4437 1487 4514 uariatur,
1505 4442 1543 4501 ut
1566 4441 1600 4500 et
1615 4433 1745 4499 litterae
1761 4433 1891 4518 primae

241 4567 364 4612 manus
388 4547 430 4613 ad
454 4548 622 4615 secundae
646 4571 768 4616 manus
791 4551 918 4617 litteras
952 4552 1123 4618 interdum
1156 4552 1317 4618 accedant
1352 4559 1384 4617 et
1419 4552 1520 4617 huius
1556 4569 1678 4614 manus
1712 4547 1755 4614 ad
1789 4546 1889 4612 illius.

241 4661 335 4728 Illius
358 4664 491 4749 generis
514 4664 662 4731 maxime
685 4667 902 4752 perspicuum
927 4670 1120 4755 exemplum
1145 4670 1180 4734 in
1197 4667 1279 4734 folio
1294 4671 1335 4732 41
1354 4667 1401 4752 (in
1418 4688 1508 4732 ιιοιιο
1534 4665 1755 4752 quaternione
1775 4662 1889 4747 incipi·

242 4777 330 4844 endo
343 4808 384 4833 =
398 4779 492 4864 Capt.
514 4781 698 4866 191-295)
715 4781 1010 4867 deprehendimus,
1027 4784 1086 4850 ubi
1101 4785 1244 4850 recentis
1261 4803 1392 4861 manus,
1410 4802 1499 4868 quae
1510 4782 1565 4847 hic
1577 4780 1697 4865 incipit
1708 4799 1819 4864 neque
1832 4777 1891 4843 diu

242 4892 386 4959 scribere
421 4895 539 4980 pergit,
565 4897 661 4963 stilus
686 4897 727 4962 ad
752 4897 1010 4966 similitudinem
1035 4920 1157 4966 manus
1181 4899 1349 4965 secundae
1383 4899 1467 4964 adeo
1503 4895 1641 4976 accedit,
1666 4904 1704 4961 ut
1742 4895 1801 4960 uix
1835 4893 1890 4959 ob·

240 5007 334 5093 loqui
358 5011 468 5077 ausim
493 5010 617 5077 dicenti
641 5012 697 5078 hic
720 5013 833 5099 ipsum
858 5022 1078 5082 correctorem
1102 5036 1211 5081 unum
1234 5014 1355 5081 folium
1379 5013 1435 5080 uel
1458 5015 1601 5079 fortasse
1618 5011 1685 5077 duo
1706 5009 1888 5095 scripsisse,

241 5123 306 5189 nisi
329 5126 475 5191 rationes
504 5127 714 5193 »interiorem
740 5138 946 5196 correcturas
970 5132 1071 5198 huius
1094 5132 1168 5198 folii
1192 5152 1264 5196 esse
1288 5129 1440 5196 eiusdem
1464 5128 1597 5215 generis
1632 5134 1734 5211 atque
1769 5132 1890 5191 oetero-

242 5261 317 5304 rum
349 5242 501 5326 probent.
550 5243 592 5308 llt
615 5249 823 5313 correcturae
847 5246 901 5312 cui
924 5249 1041 5313 manui
1075 5248 1143 5313 sint
1177 5246 1377 5312 tribuendae
1400 5245 1577 5311 aestimare
1612 5263 1690 5309 cum
1725 5242 1808 5308 alies
1840 5248 1891 5306 est

242 5353 376 5422 difficile
399 5365 472 5422 tum
497 5359 533 5422 in
556 5359 691 5437 rasuris,
717 5360 775 5426 ubi
799 5368 832 5426 et
855 5362 1005 5430 calamus
1030 5371 1062 5430 et
1084 5371 1313 5429 atramentum
1348 5362 1474 5430 scilieet
1508 5365 1667 5436 mutetur,
1701 5363 1734 5424 et
1765 5357 1801 5421 in
1836 5377 1889 5422 ex-

241 5473 415 5558 pungendi
439 5473 545 5558 signis
568 5481 602 5540 et
624 5474 855 5561 distinguendi
879 5484 912 5543 et
935 5479 1125 5565 copulandi,
1149 5479 1207 5544 ubi
1231 5479 1266 5544 in
1291 5477 1422 5544 lineolis
1445 5475 1500 5542 uel
1525 5475 1659 5561 punctis
1689 5479 1796 5540 totum
1821 5493 1889 5538 eor-

241 5586 372 5672 rigendi
397 5610 504 5674 genus
528 5597 665 5657 constet.
713 5591 832 5678 Neque
855 5614 925 5679 qua
947 5596 1077 5660 ratione
1100 5595 1136 5660 in
1171 5593 1369 5680 corrigendo
1403 5613 1486 5658 usus
1519 5591 1562 5657 sit
1592 5589 1748 5655 librarius
1781 5586 1887 5653 obser-

243 5711 363 5770 uantes
386 5704 574 5792 quidquam
598 5707 802 5792 proficimus.
850 5709 939 5775 Nam
963 5712 1046 5777 tales
1069 5731 1122 5777 res
1146 5732 1166 5776 a
1189 5709 1232 5774 ΒΒ
1248 5709 1347 5775 ualde
1364 5710 1547 5775 uariantur.
1596 5704 1752 5789 Exempli
1769 5721 1886 5768 eausa:

348 5836 438 5886 Luuds
456 5837 529 5887 Unir.
547 5824 681 5890 huxara
720 5842 792 5890 rom.
812 5842 923 5891 XXXVI.
987 5861 991 5870 ·
1766 5831 1780 5880 1
