5050 6796
634 682 653 741 'x
1330 697 1413 750 Glacs
1434 697 1587 761 Lindakoa.

633 855 756 940 Amph.
782 857 832 922 39.
881 855 1017 922 Debatis
1042 855 1129 922 uelle
1152 877 1240 941 quae
1263 857 1426 923 uelimus:
1464 857 1650 922 meruimus

1074 975 1160 1058 [post
1181 974 1315 1038 uelimus
1338 973 1353 1006 ⁸
1377 995 1401 1038 ε.
1428 995 1458 1038 ν.
1484 973 1560 1038 add.
1587 972 1629 1038 13²
1653 981 1690 1038 ut
1713 971 1836 1058 uid.¹)]

631 1086 706 1154 Cas.
733 1089 807 1152 384.
855 1087 920 1153 Sed
945 1109 1045 1153 mane
1070 1087 1166 1153 dum:
1207 1109 1288 1154 num
1314 1089 1379 1154 ista
1403 1097 1462 1154 aut
1485 1087 1634 1175 populna
1659 1109 1730 1154 sors
1754 1095 1813 1154 aut
1836 1087 2011 1172 abiegnast
2036 1092 2115 1152 tua?

1051 1205 1214 1288 [obrepens
1237 1204 1323 1272 B¹V.
1363 1206 1497 1290 abiepad
1520 1205 1573 1269 ΕΙ.
1610 1205 1779 1288 abiepaust
1803 1201 1863 1286 Εἴ]

632 1317 730 1384 Ourc.
778 1321 808 1384 3.
856 1319 933 1394 Quo
960 1319 1075 1386 Venno
1099 1321 1298 1408 Cupidoque
1322 1322 1475 1407 imperat,
1501 1321 1620 1387 suadet
1644 1321 1749 1386 Amor

1192 1439 1312 1521 [suadet
1334 1437 1386 1506 B1.
1425 1440 1597 1521 audetque
1619 1435 1734 1522 B'EV]

1083 1552 1135 1618 Of.
1161 1552 1258 1619 Cure.
1286 1555 1349 1618 159
1373 1553 1516 1638 Nequod
1547 1552 1585 1639 [ρ’
1610 1575 1635 1618 ε.
1662 1575 1691 1618 v.
1718 1551 1769 1636 13¹]

737 1692 802 1758 His
825 1694 1024 1760 correcturis
1047 1695 1129 1780 quid
1155 1696 1362 1761 auctoritatis
1386 1695 1532 1762 tribuere
1560 1695 1667 1772 liceat,
1692 1695 1765 1780 ipse
1788 1695 1915 1763 uideas,
1963 1694 2002 1758 in
2039 1693 2180 1758 Ουεεὸ
2215 1693 2282 1756 iam

631 1807 666 1871 in
690 1809 873 1895 archetypo
896 1832 955 1892 qao
978 1817 1028 1876 est
1050 1812 1314 1896 superscriptum
1333 1819 1370 1876 ut
1386 1811 1472 1876 uid:
1497 1811 1589 1896 quod
1614 1811 1655 1875 Β1
1680 1811 1802 1886 omisit,
1828 1811 1927 1876 ceteri
1944 1827 2023 1876 oum
2040 1807 2083 1872 13¹
2095 1813 2282 1874 seruarunt.

737 1925 788 1989 De
830 1925 904 1990 Aul.
943 1927 1006 1991 722
1042 1933 1174 1993 tantum
1218 1927 1409 1993 dicendum.
1470 1927 1536 1993 Ubi
1572 1926 1702 1992 codices
1736 1926 1900 2002 mestitiae,
1939 1926 2037 1990 lectio
2072 1925 2285 2006 mortuasque

630 2039 691 2103 soli
726 2041 769 2104 3²
794 2039 943 2106 debetur.
991 2043 1055 2108 Sed
1080 2043 1114 2108 in
1139 2043 1203 2108 hac
1226 2043 1301 2128 ipsa
1323 2051 1511 2108 correctura
1536 2063 1603 2107 non
1628 2049 1767 2117 tantam,
1786 2049 1947 2126 quantam
1973 2042 2091 2106 ceteris
2115 2043 2150 2106 in
2175 2040 2283 2114 robae,

631 2155 866 2222 auctoritatem
890 2155 933 2222 B8
956 2157 1065 2224 habet.
1114 2159 1235 2223 Nonne
1259 2159 1342 2224 haec
1366 2159 1558 2223 coniectura
1582 2179 1674 2223 mera
1713 2159 1907 2224 comestoris
1943 2165 2002 2232 est,
2028 2157 2148 2222 eodem
2184 2156 2284 2222 modo

631 2291 699 2355 quo
723 2271 915 2338 Priscianus
939 2281 1092 2358 apertum
1118 2275 1240 2338 uitium
1266 2275 1407 2340 lectione
1430 2277 1535 2340 malae
1567 2273 1747 2338 emendare
1779 2281 1920 2339 conatus
1954 2273 2193 2338 esta-Certe
2216 2293 2283 2337 cor-

631 2387 763 2471 ruptela
787 2395 982 2473 peruetusta
1005 2397 1063 2464 est,
1091 2397 1126 2454 ut
1151 2412 1192 2455 ex
1226 2391 1336 2455 Nonio
1372 2399 1405 2455 et
1439 2389 1611 2454 Prisciano
1651 2389 1793 2455 uidetur.
1842 2389 1918 2465 Quo
1951 2389 2051 2454 modo
2087 2389 2281 2473 explicetur.

631 2499 765 2568 difficile
794 2509 844 2568 est
867 2504 986 2570 dicere.
1034 2505 1073 2570 Id
1097 2513 1229 2570 tantum
1255 2506 1337 2570 mihi
1364 2505 1524 2591 persuasi,
1549 2532 1564 2586 p
1589 2513 1667 2570 ante
1690 2513 1719 2570 et
1742 2505 1777 2569 in
1801 2503 1844 2568 13¹
1867 2507 1919 2588 (ex
1943 2525 2011 2589 qno
2036 2503 2157 2570 deinde
2187 2505 2222 2568 in
2257 2503 2284 2566 P

629 2619 725 2700 yemis
748 2625 775 2684 te
797 2620 837 2704 et)
861 2629 893 2684 et
917 2642 957 2685 ex
981 2621 1095 2686 codice
1120 2620 1185 2687 Pb8
1209 2643 1280 2686 esse
1304 2621 1463 2686 haustum
1500 2627 1532 2686 et
1563 2641 1641 2686 cum
1677 2621 1819 2685 lectione
1842 2622 1948 2686 malae
1971 2641 2031 2706 pro
2055 2621 2188 2705 molitos.
2215 2619 2283 2686 Pri-

632 2733 777 2821 ecianus)
800 2734 986 2800 cohaerere.
1036 2735 1189 2802 Fortasse
1224 2758 1306 2802 uera
1340 2737 1437 2801 lectio
1473 2747 1536 2801 est:
1575 2744 1697 2802 tantam
1731 2737 1840 2819 pemiti
1870 2737 1949 2802 maii
1983 2737 2168 2814 maestitiae,
2192 2735 2283 2821 quod

632 2849 811 2935 progenuit
834 2851 860 2934 (p
885 2871 987 2936 snpra
1010 2854 1023 2916 i
1046 2853 1141 2918 uerbi
1165 2854 1245 2919 maii
1267 2853 1376 2938 posito
1400 2861 1432 2918 et
1456 2851 1542 2918 falso
1574 2853 1645 2918 loco
1681 2853 1815 2938 scripto)
1854 2859 1975 2918 tantam
1998 2853 2112 2934 pandi
2143 2879 2158 2932 p
2193 2853 2282 2926 maii,

631 2969 702 3028 tum
728 2967 754 3050 (p
778 2965 864 3032 falso
888 2965 1056 3034 intellecto
1080 2975 1113 3032 et
1136 2969 1363 3054 suprascripto
1387 2967 1426 3054 ct)
1449 2976 1572 3034 tantum
1604 2969 1715 3050 pertriti
1753 2997 1767 3049 ς
1803 2975 1833 3033 et
1866 2969 1945 3033 mali
1983 2969 2170 3034 maestitiae.
2218 2966 2282 3032 Sed

631 3101 674 3143 ne
702 3080 785 3146 haec
808 3080 946 3166 quidem
971 3083 1136 3148 sententia
1160 3085 1261 3148 nimis
1286 3083 1367 3148 mihi
1400 3084 1464 3168 ipsi
1497 3084 1605 3168 placet
1628 3121 1671 3130 —-
1695 3093 1726 3148 et
1763 3085 1904 3148 fortasse
1940 3091 2052 3148 tamen
2077 3081 2281 3148 credendum

631 3195 722 3280 apud
761 3194 805 3261 B·
827 3217 943 3262 ueram
982 3200 1183 3284 scripturam
1223 3221 1304 3276 cese,
1330 3221 1388 3265 sen
1425 3221 1443 3263 e
1479 3199 1671 3264 coniectura
1709 3199 1852 3264 feliciter
1886 3200 1977 3264 facta
2015 3219 2074 3263 seu
2113 3220 2131 3263 e
2170 3198 2282 3263 codice

632 3309 800 3377 haustam.
827 3351 870 3361 -

738 3425 911 3494 Postremo
934 3429 1178 3504 adnotandum,
1203 3431 1239 3495 in
1263 3431 1386 3516 Amph.
1413 3433 1456 3496 50
1481 3431 1695 3514 Numquam
1719 3453 1784 3495 rem
1807 3437 1933 3496 oratum
1956 3431 2016 3496 hac
2038 3431 2113 3496 aeni
2140 3431 2283 3512 manum

627 3543 803 3626 proloquar
832 3565 905 3610 esee
929 3547 1195 3632 suprascriptum
1221 3549 1256 3612 ob
1286 3547 1374 3612 inter
1409 3568 1504 3628 quam
1539 3555 1572 3610 et
1606 3567 1672 3612 rem
1708 3547 1738 3630 (a
1774 3545 1861 3628 ΒΨ),
1888 3553 2023 3632 propter
2047 3545 2282 3631 peruulgatam

634 3659 816 3724 formulam
841 3683 936 3742 quom
960 3663 994 3728 ob
1018 3685 1092 3728 reon.

793 3817 851 3884 111.
899 3821 949 3885 B*
971 3823 1181 3888 uerborum
1215 3822 1395 3888 ordinem
1430 3824 1616 3888 mutauit.

740 3961 815 4026 Duo
839 3971 919 4027 sunt
942 3963 1162 4029 discemenda
1186 3985 1324 4048 genera:
1362 3985 1439 4030 nam
1465 3972 1524 4029 aut
1551 3965 1578 4048 l)
1603 3962 1645 4028 13²
1669 3963 1849 4029 uerborum
1875 3963 2029 4029 ordinem
2054 3963 2187 4049 proprie
2212 3985 2281 4029 mu·

632 4077 717 4142 tauit
740 4085 799 4143 aut
816 4079 847 4162 2)
863 4079 1005 4144 uerbum
1025 4079 1078 4145 uei
1095 4079 1207 4151 uerba,
1223 4101 1310 4164 quae
1328 4081 1360 4144 in
1379 4080 1420 4144 Bl
1434 4079 1566 4158 desunt,
1575 4079 1706 4145 addidit
1721 4079 1787 4144 alio
1802 4079 1875 4145 loco
1892 4101 1995 4166 quarn
2013 4081 2048 4144 in
2064 4080 2091 4143 P
2108 4079 2282 4145 exsistunt.

742 4194 771 4278 1)
796 4194 834 4260 ln
860 4195 956 4280 Epid.
982 4197 1047 4260 402
1073 4195 1178 4262 uerba
1200 4197 1344 4264 concludi
1366 4199 1445 4262 uolo.
1471 4217 1559 4282 quae
1582 4197 1618 4260 in
1642 4196 1669 4260 P
1694 4205 1769 4280 post
1808 4217 1838 4260 v.
1864 4197 1928 4260 399
1959 4195 2167 4268 aberrarunt,
2190 4216 2283 4280 repo·

632 4309 700 4373 suit
735 4308 777 4372 13²
800 4309 845 4394 (et
869 4333 898 4376 v.
937 4312 1001 4375 399
1035 4312 1156 4395 erasit).
1204 4311 1473 4397 Explicationem
1510 4312 1731 4376 aberrationis
1766 4318 1853 4376 recte
1889 4309 2000 4376 attulit
2034 4311 2205 4388 Lrnnsar,
2233 4310 2282 4374 An

632 4423 858 4490 introduction
894 4433 926 4490 to
958 4425 1057 4491 Latin
1092 4427 1220 4492 textual
1254 4427 1397 4503 emend„
1430 4449 1461 4512 p.
1487 4429 1539 4491 34.
1598 4427 1683 4491 Item
1723 4427 1817 4512 Copt.
1850 4428 1893 4491 58
1929 4449 1992 4492 esse
2027 4425 2151 4492 deleuit
2176 4423 2225 4497 13¹,
2251 4448 2281 4491 v.

633 4541 676 4603 59
702 4539 860 4626 reposuit.
909 4541 952 4606 Εῖ
975 4541 1030 4606 hic
1054 4547 1087 4607 et
1110 4541 1178 4608 iliic
1202 4549 1290 4608 certe
1314 4565 1332 4608 e
1356 4541 1430 4609 Pht.

2113 4665 2217 4724 autem

740 4700 779 4765 In
804 4701 877 4768 Cas.
903 4704 967 4768 276
992 4723 1053 4788 pro
1077 4709 1183 4770 aarum
1206 4704 1266 4768 illu
1289 4703 1423 4789 scripsit
1444 4705 1504 4770 dia
1528 4709 1649 4770 cutm:
1683 4704 1718 4767 in
1742 4702 1923 4788 archetypo
1947 4703 2090 4768 fortasse
2137 4749 2197 4813 ma

740 4861 780 4926 iu
805 4861 879 4927 Aul.
906 4863 970 4927 263
993 4863 1046 4929 aia
1068 4885 1117 4928 me
1140 4871 1190 4928 est
1213 4871 1382 4928 mutatum
1407 4865 1441 4948 (a
1464 4861 1584 4944 B¹?)in
1615 4885 1662 4928 mc
1695 4863 1750 4928 ais
1784 4862 1913 4946 (litteris
1938 4865 2000 4929 ab
2035 4859 2215 4948 positis)¹):
2241 4899 2283 4908 —

633 4985 667 5041 et
698 4977 746 5044 sic
770 4977 909 5042 Plautus
932 4998 1065 5064 semper
1088 4979 1159 5044 iere
1182 4979 1306 5056 scribit,
1332 4981 1374 5046 ci.
1401 4979 1593 5054 Sarranae,
1618 4978 1807 5044 Jahrosber.
1836 4980 1930 5054 1894,
1956 4977 1988 5044 II
2013 5001 2043 5064 p.
2071 4979 2144 5044 238.

740 5093 826 5158 Miro
850 5093 950 5160 modo
974 5093 1016 5159 ad
1034 5093 1126 5160 Asin.
1153 5097 1218 5160 290
1240 5095 1276 5160 iu
1301 5095 1453 5180 margine
1476 5115 1497 5158 a
1521 5092 1562 5158 13²
1586 5101 1636 5160 est
1659 5095 1839 5179 scriptum:
1865 5095 1943 5180 quid
1965 5095 2016 5160 ais
2032 5101 2132 5160 custos
2148 5095 2285 5160 carceris

634 5213 667 5273 et
690 5209 753 5273 297
779 5210 858 5292 quid
880 5211 952 5293 apia
975 5217 1075 5276 castos
1098 5211 1235 5276 carceris
1258 5211 1380 5277 lineola
1418 5209 1580 5276 subduxit
1614 5207 1731 5274 eadem
1767 5229 1898 5286 manus,
1923 5217 1961 5275 ut
1995 5209 2139 5276 uidetur.
2188 5209 2284 5274 Duae

705 5355 812 5362 -----.

744 5440 762 5505 ι)
779 5443 1000 5498 obseruandum
1021 5449 1073 5504 est.
1095 5449 1185 5496 totum
1207 5459 1321 5496 uersum
1343 5444 1372 5495 in
1392 5460 1479 5496 unam
1499 5449 1628 5496 scaritum
1658 5458 1722 5494 esse
1753 5443 1925 5495 seritentiam
1957 5444 2190 5510 interpunctione
2219 5448 2283 5509 post

634 5545 702 5589 :non
721 5531 799 5596 ante)
816 5532 966 5586 meruimus
986 5533 1086 5600 posita.

746 5629 815 5696 ¹)1n
836 5637 976 5697 apparatu
996 5631 1094 5684 critico
1114 5631 1256 5684 editorum
1277 5631 1350 5684 falso
1370 5647 1411 5683 me
1430 5629 1473 5682 ais
1492 5635 1650 5684 correctum
1673 5647 1737 5682 esse
1757 5630 1786 5682 in
1805 5629 1850 5682 ais
1868 5646 1909 5682 me
1927 5629 2039 5682 dieitur.
