5050 6796
639 737 706 780 vm
1339 734 1422 788 Claes
1442 734 1596 801 Lindskog.

744 893 830 959 Rem
855 893 957 980 igitur
981 892 1165 960 diiudicare
1189 912 1370 978 possumus
1394 892 1436 958 ad
1461 894 1523 959 has
1547 914 1699 960 normas:

745 1009 840 1086 Quae
864 1009 980 1075 addita
1003 1017 1149 1076 metrum
1168 1009 1404 1088 restituebant,
1430 1030 1490 1095 per
1513 1031 1651 1076 sensum
1675 1020 1787 1076 autem
1813 1009 1922 1076 omitti
1958 1015 2121 1096 poterant,
2146 1015 2235 1076 certe
2270 1032 2287 1076 e

637 1124 752 1192 codice
775 1127 880 1212 petita
903 1133 991 1192 sunt.

746 1243 841 1320 Quae
865 1241 980 1307 addita
1004 1248 1037 1308 et
1059 1242 1101 1308 ad
1126 1242 1328 1308 sententiam
1353 1241 1595 1308 restituendam
1620 1263 1706 1328 opus
1730 1250 1810 1308 sunt
1833 1249 1866 1309 et
1888 1247 2035 1308 metrum
2060 1241 2205 1328 explent,
2229 1264 2289 1328 per

638 1380 673 1425 se
697 1358 856 1444 quodque
880 1358 1066 1424 examinari
1090 1363 1234 1445 oportet:
1271 1378 1338 1442 quo
1362 1357 1493 1424 facilius
1530 1357 1809 1455 additamentum,
1847 1379 1885 1424 ao
1920 1358 2079 1424 incertius
2114 1357 2285 1436 iudicium,

639 1496 707 1560 quo
730 1475 901 1552 remotius,
927 1495 966 1540 eo
990 1473 1062 1540 ueri
1086 1473 1229 1540 similius
1253 1495 1271 1540 e
1294 1473 1409 1541 codice
1433 1475 1592 1540 haustum
1625 1495 1707 1541 asse.
1754 1474 1927 1559 Imprimis
1963 1495 2002 1540 aa
2041 1475 2197 1560 exempla
2231 1474 2288 1538 mi-

638 1611 755 1656 norem
780 1591 1012 1656 auctoritatem
1036 1589 1173 1668 habent,
1199 1589 1255 1654 ubi
1280 1610 1347 1655 uox
1372 1589 1487 1656 addita
1510 1591 1585 1656 uoci
1610 1591 1783 1675 proximae
1807 1590 1926 1656 similis
1954 1589 2031 1656 uisu
2067 1598 2127 1668 est,
2153 1588 2207 1654 uel
2244 1597 2289 1654 est

639 1728 697 1789 que
719 1714 747 1772 et
770 1707 851 1770 talia
873 1705 1046 1771 adduntur
1069 1705 1120 1791 (ci.
1146 1725 1249 1791 supra
1272 1727 1303 1790 p.
1329 1708 1402 1792 vu).

745 1820 924 1887 Adnotabo
948 1823 1016 1887 iam
1041 1843 1080 1888 ea
1104 1820 1267 1907 exempla,
1294 1843 1380 1906 quae
1404 1843 1422 1888 e
1446 1821 1559 1888 codice
1582 1821 1647 1887 Pb8
1671 1843 1743 1888 esse
1767 1823 1872 1906 petita
1895 1823 1979 1887 mihi
2003 1822 2163 1907 persuasi.

749 1940 777 2020 1)
801 1936 868 2014 Qui
891 1938 1014 2024 integri
1038 1958 1156 2004 uersus
1180 1937 1269 2003 213⁹
1292 1937 1473 2015 adduntur,
1499 1958 1555 2004 eos
1579 1961 1597 2004 e
1620 1937 1734 2005 codice
1766 1959 1839 2004 esee
1862 1939 1921 2003 uix
1955 1959 2041 2023 opus
2075 1945 2127 2003 eet
2165 1937 2287 2002 dicere:

640 2054 763 2138 Amph.
791 2055 865 2119 755.
1420 2053 1502 2119 Alc.
1551 2053 1622 2139 Ego
1646 2073 1737 2132 uero,
1762 2075 1801 2119 ac
1825 2053 1949 2119 falsum
1976 2052 2105 2136 dicetre.

1082 2170 1199 2255 Neque
1223 2179 1259 2234 tu
1283 2169 1332 2234 illi
1357 2191 1466 2255 neque
1490 2169 1574 2234 mihi
1598 2170 1672 2235 uiro
1696 2169 1759 2254 ipsi
1783 2169 1917 2236 credis?

1186 2288 1229 2368 [re
1251 2287 1286 2350 in
1311 2287 1415 2352 dicere
1437 2287 1585 2351 euanuit.
1633 2287 1739 2369 micha]

641 2400 715 2464 Aul.
741 2403 815 2466 454.
863 2399 1030 2486 Temperi,
1056 2409 1236 2487 postquam
1259 2401 1443 2487 impleuisti
1467 2401 1547 2468 iusti
1572 2401 1728 2467 fissorum
1753 2409 1863 2487 caput.

860 2516 953 2582 Intro
977 2517 1082 2583 abita:
1117 2539 1218 2602 opera
1242 2518 1308 2583 huc
1332 2517 1530 2584 conductast
1554 2525 1678 2593 uestra,
1704 2537 1770 2582 non
1796 2517 1911 2582 oratio.

861 2632 901 2719 [v.
927 2635 1070 2698 45401n
1096 2633 1154 2698 B¹:
1191 2632 1267 2700 add.
1293 2632 1336 2698 ss²
1359 2634 1394 2698 in
1419 2654 1523 2719 marg.
1549 2633 1734 2718 praemissa
1758 2639 1838 2698 nota
1862 2633 1919 2699 ooc'

867 2771 897 2814 v.
923 2753 998 2815 454.
1039 2751 1129 2816 Intro
1154 2751 1208 2816 abi
1230 2751 1313 2834 (ntro
1335 2750 1371 2814 in
1396 2771 1458 2815 ras.
1484 2755 1517 2815 et
1540 2751 1625 2814 Iex
1653 2747 1766 2833 TB').
1818 2750 1964 2832 Temperi
1986 2750 2044 2814 abi
2068 2747 2118 2814 DJ
2122 2752 2138 2830 A

641 2864 714 2931 Cas.
740 2865 815 2929 376.
862 2865 1037 2931 Postremo
1063 2864 1131 2951 (si)
1156 2865 1236 2931 illuc
1260 2865 1350 2950 quod
1375 2865 1534 2930 uolumus
1558 2865 1701 2940 eueniet,
1726 2865 1951 2950 gaudebimus

910 2978 962 3064 [3²
985 2986 1061 3066 post
1085 3003 1114 3046 v.
1141 2982 1206 3047 375
1230 2980 1306 3046 add.
1332 2982 1380 3046 bd
1400 2979 1587 3066 eademque
1610 2979 1646 3044 in
1669 3001 1774 3066 marg.
1800 2980 1897 3046 infer.
1924 2979 2015 3046 add:

939 3098 1097 3162 Postremo
1121 3099 1198 3163 illuc
1221 3101 1267 3180 qd
1287 3099 1432 3163 uolumus
1455 3097 1579 3162 eaatict
1599 3095 1815 3180 gaudebimus]

641 3210 719 3276 Cist.
747 3213 820 3277 749.
871 3211 944 3278 Mea
967 3212 1050 3278 haec
1074 3213 1163 3278 erilis
1187 3213 1359 3298 gestitauit
1381 3213 1450 3278 filia
1473 3251 1516 3259 —

866 3328 1005 3413 Lamp.
1055 3327 1220 3394 Mentiris:
1261 3349 1341 3393 nam
1365 3349 1440 3393 maa
1463 3329 1644 3412 gestitauit
1671 3349 1739 3393 non
1763 3335 1830 3394 tua.
1858 3367 1898 3375 -

865 3442 991 3508 Phan.
1039 3444 1091 3509 Ne
1116 3443 1305 3529 obloquere.
1333 3481 1373 3490 -
1398 3444 1532 3530 Lamp.
1557 3444 1676 3510 Taceo.
1695 3481 1737 3492 -
1753 3443 1876 3508 Phan.
1906 3443 2035 3518 Mulier,
2054 3464 2155 3528 perge
2172 3443 2289 3508 dicere.

645 3560 727 3642 [filia
745 3612 750 3624 .
771 3612 777 3624 .
798 3613 803 3623 .
824 3559 1013 3642 perdiscit
1035 3560 1088 3644 (ati
1111 3581 1152 3625 ax
1175 3560 1235 3645 sta)
1260 3559 1302 3623 13²
1326 3559 1416 3625 solus
1440 3560 1476 3624 in
1500 3581 1574 3636 ras,
1601 3560 1657 3625 nbi
1683 3559 1773 3624 haud
1798 3559 1900 3624 dubie
1924 3559 2028 3624 uerba
2052 3582 2114 3623 aon
2146 3567 2201 3623 tua
2230 3609 2289 3623 ...

998 3683 1082 3742 taceo
1106 3677 1269 3762 scriptum
1293 3677 1414 3754 fuerat,
1454 3696 1541 3761 quae
1566 3674 1607 3739 ΒΞ
1631 3674 1752 3740 deinde
1777 3674 1915 3758 addidit]

644 3791 740 3876 Epid.
765 3792 951 3855 416-419.
1000 3791 1089 3866 Quia
1111 3790 1236 3856 Thebis
1260 3792 1372 3856 saluos
1398 3790 1541 3858 redierit.
1566 3829 1608 3840 -
1631 3791 1692 3856 Pe.
1734 3791 1872 3857 Rectam
1899 3791 2028 3856 institit.

999 3907 1069 3992 Ap.
1108 3906 1217 3972 Immo
1241 3909 1335 3994 ipsus
1359 3907 1404 3973 illi
1431 3906 1516 3972 dixit
1540 3905 1741 3973 conductam
1766 3927 1839 3972 esse
1863 3927 1949 3984 earn,

1000 4022 1095 4098 Quae
1119 4023 1173 4089 hic
1197 4023 1449 4088 administraret
1471 4022 1513 4088 ad
1538 4043 1610 4088 rem
1634 4022 1787 4088 diuinam
1812 4020 1882 4088 tibi.

1000 4136 1182 4204 Facturum
1206 4138 1269 4204 hoc
1294 4137 1379 4203 dixit
1402 4159 1471 4204 rem
1497 4159 1568 4204 esse
1593 4138 1744 4204 diuinam
1769 4138 1830 4204 tibi
1854 4138 1954 4203 domi.

1300 4255 1428 4338 [saluus.
1453 4261 1541 4322 reate.
1567 4254 1634 4340 qap]

751 4424 781 4508 2)
806 4423 920 4488 Verba
943 4423 1058 4488 addita
1081 4431 1225 4488 metrum
1250 4423 1441 4501 restituunt,
1466 4445 1525 4508 per
1548 4445 1687 4489 sensum
1710 4423 1819 4488 omitti
1845 4430 1993 4509 possunt.

643 4539 767 4625 Amph.
796 4539 866 4603 lbb'.
916 4538 998 4605 Inde
1021 4559 1094 4604 cras
1118 4540 1210 4626 quasi
1233 4559 1251 4604 e
1275 4537 1482 4624 promptaria
1506 4538 1590 4604 cella
1613 4538 1791 4624 depromar
1815 4539 1856 4603 ad
1881 4539 2036 4623 flagrum.

643 4653 767 4739 Amph.
799 4655 867 4720 199.
917 4653 1003 4720 Nam
1027 4676 1129 4741 quom
1156 4655 1353 4739 pugnabant
1377 4675 1545 4732 maxume,
1571 4675 1632 4738 ego
1658 4661 1723 4719 tam
1748 4654 1920 4740 fugiebam
1947 4675 2114 4719 maxuma.

644 4770 767 4856 Amph.
793 4773 867 4836 669.
915 4771 997 4836 Am.
1045 4771 1135 4848 Quid
1159 4770 1274 4835 tibist?
1297 4805 1338 4817 —
1363 4769 1423 4834 Se.
1476 4769 1528 4834 Ad
1552 4791 1675 4855 aquam
1700 4770 1928 4855 praebendam
1953 4771 2145 4836 cmnrnodum
2168 4768 2292 4834 aduani

1017 4887 1156 4952 domum

1383 5004 1560 5085 [comodum]

645 5117 737 5183 Asin.
766 5121 837 5184 112.
886 5117 1019 5203 Nequid
1044 5139 1163 5185 nocere
1187 5119 1301 5204 possit,
1327 5136 1431 5202 quom
1458 5124 1491 5182 tu
1515 5117 1598 5182 mihi
1623 5125 1680 5184 tua

645 5233 721 5302 Aul.
765 5235 838 5298 251.
886 5233 1020 5318 impero
1043 5241 1227 5318 auctorque
1253 5231 1354 5320 (ego)
1379 5254 1465 5310 sum,
1492 5241 1530 5298 ut
1555 5241 1587 5301 tu
1612 5255 1666 5299 me
1690 5235 1770 5318 quoi
1795 5235 1845 5299 uis
1870 5233 2085 5298 castrandum
2109 5234 2207 5299 loces.
2264 5309 2271 5316 ἱ

644 5349 720 5414 Aul.
765 5351 839 5416 696.
886 5349 978 5434 Lyc.
1020 5350 1140 5428 Liam
1165 5370 1288 5435 sequor
1311 5356 1353 5428 te,
1380 5355 1493 5414 mater.
1535 5350 1594 5416 sed
1618 5370 1752 5416 seruam
1777 5370 1891 5414 meum
1902 5348 1933 5437 1).

647 5495 788 5502 -ψ,

754 5581 772 5645 ¹)
790 5581 832 5636 Oi.
854 5583 916 5634 Aul.
936 5583 996 5635 800.
1034 5583 1047 5634 1
1067 5584 1151 5648 intro,
1171 5599 1322 5650 exquaere,
1342 5584 1417 5636 sitne
1437 5585 1476 5636 ita
1496 5591 1526 5636 ut
1546 5601 1598 5650 ego
1618 5585 1760 5652 praedica.

1283 5670 1309 5737 [l
1328 5673 1392 5724 add.
1412 5673 1503 5725 rubr:
1536 5690 1590 5725 om.
1615 5673 1655 5740 R]
